
@article{disruptiveTechnologies,
  title={Disruptive Civil Technologies},
  author={OFFICIAL, US},
  publisher={DTIC Document}
}

@online{evans12,
  title={The Internet of Things},
  author={Dave Evans},
  year={2012}
  url={http://blogs.cisco.com/diversity/the-internet-of-things-infographic/}
}

@article{swan12,
  title={Sensor mania! the internet of things, wearable computing, objective metrics, and the quantified self 2.0},
  author={Swan, Melanie},
  journal={Journal of Sensor and Actuator Networks},
  volume={1},
  number={3},
  pages={217--253},
  year={2012}
}

@article{schmidt99,
  title={There is more to context than location},
  author={Schmidt, Albrecht and Beigl, Michael and Gellersen, Hans-W},
  journal={Computers \& Graphics},
  volume={23},
  number={6},
  pages={893--901},
  year={1999},
  publisher={Elsevier}
}

@inproceedings{corsten13,
  title={Instant user interfaces: repurposing everyday objects as input devices},
  author={Corsten, Christian and Avellino, Ignacio and M{\"o}llers, Max and Borchers, Jan},
  booktitle={Proceedings of the 2013 ACM international conference on Interactive tabletops and surfaces},
  pages={71--80},
  year={2013},
  organization={ACM}
}

@inproceedings{henderson08,
  title={Opportunistic controls: leveraging natural affordances as tangible user interfaces for augmented reality},
  author={Henderson, Steven J and Feiner, Steven},
  booktitle={Proceedings of the 2008 ACM symposium on Virtual reality software and technology},
  pages={211--218},
  year={2008},
  organization={ACM}
}

@inproceedings{yeo13,
  title={Stickear: augmenting objects and places wherever whenever},
  author={Yeo, Kian Peen and Nanayakkara, Suranga},
  booktitle={CHI'13 Extended Abstracts on Human Factors in Computing Systems},
  pages={751--756},
  year={2013},
  organization={ACM}
}

@inproceedings{xiao13,
  title={WorldKit: rapid and easy creation of ad-hoc interactive applications on everyday surfaces},
  author={Xiao, Robert and Harrison, Chris and Hudson, Scott E},
  booktitle={Proceedings of the SIGCHI Conference on Human Factors in Computing Systems},
  pages={879--888},
  year={2013},
  organization={ACM}
}

@inproceedings{cheng10,
  title={iCon: utilizing everyday objects as additional, auxiliary and instant tabletop controllers},
  author={Cheng, Kai-Yin and Liang, Rong-Hao and Chen, Bing-Yu and Laing, Rung-Huei and Kuo, Sy-Yen},
  booktitle={Proceedings of the SIGCHI Conference on Human Factors in Computing Systems},
  pages={1155--1164},
  year={2010},
  organization={ACM}
}

@article{kranz10,
  title={Embedded interaction: Interacting with the internet of things},
  author={Kranz, Matthias and Holleis, Paul and Schmidt, Albrecht},
  journal={Internet Computing, IEEE},
  volume={14},
  number={2},
  pages={46--53},
  year={2010},
  publisher={IEEE}
}

@inproceedings{heun2013reality,
  title={Reality editor: programming smarter objects},
  author={Heun, Valentin and Hobin, James and Maes, Pattie},
  booktitle={Proceedings of the 2013 ACM conference on Pervasive and ubiquitous computing adjunct publication},
  pages={307--310},
  year={2013},
  organization={ACM}
}

@inproceedings{heun2013smarter,
  title={Smarter objects: using AR technology to program physical objects and their interactions},
  author={Heun, Valentin and Kasahara, Shunichi and Maes, Pattie},
  booktitle={CHI'13 Extended Abstracts on Human Factors in Computing Systems},
  pages={961--966},
  year={2013},
  organization={ACM}
}


